00591cas a22002291a 4500
001 999310343502836
003 Nz
005 20161223153131.0
008 040109d18831937nz  r ne      0   0 eng d
035    $a (Nz)8177728
035    $a (NLNZils)931034
035    $a (NLNZils)931034-ilsdb
035    $a (OCoLC)173422437
040    $a WN $c WN
042    $a nznb
043    $a u-nz---
245 00 $a Opotiki herald.
260    $a [Opotiki, N.Z. : $b s.n., $c 1883?-1937]
310    $a Semiweekly
362 0  $a 1883?-1937 Aug.13
651  0 $a Opotiki (N.Z.) $v Newspapers.
655  7 $a New Zealand newspapers. $2 local $5 Nz
